<?xml version="1.0" encoding="utf-8"?>
<record xmlns="http://www.loc.gov/MARC21/slim" xmlns:xsi="http://www.w3.org/2001/XMLSchema-instance" xsi:schemaLocation="http://www.loc.gov/MARC21/slim http://www.loc.gov/standards/marcxml/schema/MARC21slim.xsd">
	<leader>02262nam a2200421   4500</leader>
	<controlfield tag="001">2752597</controlfield>
	<controlfield tag="003">NNC</controlfield>
	<controlfield tag="006">m        d        </controlfield>
	<controlfield tag="007">cr cn |||m|||a</controlfield>
	<controlfield tag="008">160301m19221923iq      o     000 0 araod</controlfield>
	<datafield ind1=" " ind2=" " tag="040">
		<subfield code="a">NNU</subfield>
		<subfield code="b">eng</subfield>
		<subfield code="e">rda</subfield>
		<subfield code="c">NNU</subfield>
	</datafield>
	<datafield ind1=" " ind2=" " tag="043">
		<subfield code="a">a-sy---</subfield>
	</datafield>
	<datafield ind1=" " ind2="4" tag="050">
		<subfield code="a">DS97</subfield>
		<subfield code="b">.B14 1922</subfield>
	</datafield>
	<datafield ind1="1" ind2=" " tag="100">
		<subfield code="6">880-01</subfield>
		<subfield code="a">Badrī, ʻAbd Allāh ibn Muḥammad,</subfield>
		<subfield code="d">1443 or 1444-1503 or 1504.</subfield>
	</datafield>
	<datafield ind1="1" ind2="0" tag="245">
		<subfield code="6">880-02</subfield>
		<subfield code="a">Nuzhat al-anām fī maḥāsin al-Shām /</subfield>
		<subfield code="c">taʼlīf Abī al-Baqāʼ ʻAbd Allāh ibn Muḥammad al-Badrī al-Miṣrī al-Dimashqī.</subfield>
	</datafield>
	<datafield ind1=" " ind2=" " tag="260">
		<subfield code="a">Baghdād :</subfield>
		<subfield code="b">Al-Maktabah al-ʻArabīyah,</subfield>
		<subfield code="c">1341 H. [1922/23]</subfield>
	</datafield>
	<datafield ind1=" " ind2=" " tag="300">
		<subfield code="a">online resource (392 pages)</subfield>
	</datafield>
	<datafield ind1=" " ind2=" " tag="336">
		<subfield code="a">text</subfield>
		<subfield code="2">rdacontent</subfield>
	</datafield>
	<datafield ind1=" " ind2=" " tag="337">
		<subfield code="a">computer</subfield>
		<subfield code="2">rdamedia</subfield>
	</datafield>
	<datafield ind1=" " ind2=" " tag="338">
		<subfield code="a">online resource</subfield>
		<subfield code="2">rdacarrier</subfield>
	</datafield>
	<datafield ind1=" " ind2=" " tag="500">
		<subfield code="a">Part of the Arabic Collections Online (ACO) project, contributed by Columbia University Libraries.</subfield>
	</datafield>
	<datafield ind1=" " ind2=" " tag="533">
		<subfield code="a">Electronic reproduction.</subfield>
		<subfield code="b">New York, N.Y. :</subfield>
		<subfield code="c">New York University,</subfield>
		<subfield code="d">2016.</subfield>
		<subfield code="5">NNU</subfield>
	</datafield>
	<datafield ind1=" " ind2="0" tag="651">
		<subfield code="a">Syria</subfield>
		<subfield code="x">History.</subfield>
	</datafield>
	<datafield ind1=" " ind2="0" tag="651">
		<subfield code="a">Damascus (Syria)</subfield>
		<subfield code="x">Description and travel.</subfield>
	</datafield>
	<datafield ind1=" " ind2="7" tag="650">
		<subfield code="a">Travel.</subfield>
		<subfield code="2">fast</subfield>
		<subfield code="0">(OCoLC)fst01155558</subfield>
	</datafield>
	<datafield ind1=" " ind2="7" tag="651">
		<subfield code="a">Syria.</subfield>
		<subfield code="2">fast</subfield>
		<subfield code="0">(OCoLC)fst01208757</subfield>
	</datafield>
	<datafield ind1=" " ind2="7" tag="651">
		<subfield code="a">Syria</subfield>
		<subfield code="z">Damascus.</subfield>
		<subfield code="2">fast</subfield>
		<subfield code="0">(OCoLC)fst01207112</subfield>
	</datafield>
	<datafield ind1=" " ind2="7" tag="655">
		<subfield code="a">History.</subfield>
		<subfield code="2">fast</subfield>
		<subfield code="0">(OCoLC)fst01411628</subfield>
	</datafield>
	<datafield ind1="2" ind2=" " tag="710">
		<subfield code="a">Columbia University.</subfield>
		<subfield code="b">Libraries.</subfield>
	</datafield>
	<datafield ind1="0" ind2=" " tag="730">
		<subfield code="a">Arabic Collections Online.</subfield>
	</datafield>
	<datafield ind1="0" ind2="8" tag="776">
		<subfield code="i">Online version:</subfield>
		<subfield code="a">Badrī, ʻAbd Allāh ibn Muḥammad, 1443 or 4-1503 or 4.</subfield>
		<subfield code="t">Nuzhat al-anām fī maḥāsin al-Shām.</subfield>
		<subfield code="d">Baghdād : Al-Maktabah al-ʻArabīyah, 1341 H. [1922/23]</subfield>
		<subfield code="w">(OCoLC)644817413</subfield>
	</datafield>
	<datafield ind1="0" ind2="8" tag="776">
		<subfield code="i">Print version:</subfield>
		<subfield code="a">Badrī, ʻAbd Allāh ibn Muḥammad, 1443 or 1444-1503 or 1504.</subfield>
		<subfield code="t">Nuzhat al-anām fī maḥāsin al-Shām</subfield>
		<subfield code="w">(NNC)2752597</subfield>
		<subfield code="w">(OCoLC)23517920</subfield>
	</datafield>
	<datafield ind1="4" ind2="0" tag="856">
		<subfield code="u">http://hdl.handle.net/2333.1/1c5b009v</subfield>
	</datafield>
	<datafield ind1="1" ind2=" " tag="880">
		<subfield code="6">100-01/r</subfield>
		<subfield code="a">بدري، عبد الله بن محمد.</subfield>
	</datafield>
	<datafield ind1="1" ind2="0" tag="880">
		<subfield code="6">245-02/r</subfield>
		<subfield code="a">نزهة الأنام في محاسن الشام /</subfield>
		<subfield code="c">أبي البقاع عبد الله بن محمد البدري المصري الدمشقي.</subfield>
	</datafield>
	<datafield ind1=" " ind2=" " tag="880">
		<subfield code="6">260-00/r</subfield>
		<subfield code="a">بغداد :</subfield>
		<subfield code="b">المكتبة العربية،</subfield>
		<subfield code="c">1341 [1922]</subfield>
	</datafield>
	<datafield ind1=" " ind2=" " tag="959">
		<subfield code="a">NNU</subfield>
		<subfield code="b">WEB</subfield>
		<subfield code="c">GENI</subfield>
		<subfield code="t">0</subfield>
		<subfield code="m">Electronic access</subfield>
		<subfield code="s">01</subfield>
	</datafield>
	<datafield ind1=" " ind2=" " tag="999">
		<subfield code="i">NNC_2752597</subfield>
		<subfield code="o">(OCoLC)ocm23517920 </subfield>
		<subfield code="s">columbia_aco001617</subfield>
		<subfield code="e">(ERROR-880)</subfield>
	</datafield>
</record>
